@ONLINE{Peumo:Online,
	author = {Coopeumo},
	title = {Portal Web},
	year = {2011},
	howpublished = {},
	url = {http://www.coopeumo.cl/index.php?option=com_content\&view=article\&id=83\&Itemid=53}
	}
@ONLINE{Coopesic:Online,
	author = {Coopesic},
	title = {Portal Web, primera cooperativa tecnologica de infocomuinicaciones},
	year = {2007},
	howpublished = {},
	url = {http://www.coopesic.cl}
	}
