% notas al pie de pagina
@MISC{foot:themes,
        note = {Corresponde a la mascara gráfica o visual que forma parte del CMS Wordpress, para efectos de la memoria usaremos la traducción "Perfiles"}
}
@MISC{foot:plugins,
        note = {Esta palabra proviene del ingles ''Plug'' el cual es un tipo de ''enchufe'', por lo tanto. el concepto detrás de esta palabra hace referencia a la capacidad del componente de poder agregarse o quitarse de manera rápida y sencilla sin que esto pueda producir un colapso en la aplicación y que al mismo tiempo proporcione funcionalidades diferenciadoras}
}
@MISC{foot:datoCalama,
        note = {255 KWh/m2 al año es la energía generada en la comuna de Calama, Segunda Región. La fuente de datos corresponde a la CNE y los cálculos efectuados del trabajo desarrollado en esta Memoria.},
}
@MISC{foot:bibliotecas,
        note = {En ciencias de la computación, una biblioteca (del inglés library) es un conjunto de subprogramas utilizados para desarrollar software. Las bibliotecas contienen código y datos, que proporcionan servicios a programas independientes, es decir, pasan a formar parte de estos. Esto permite que el código y los datos se compartan y puedan modificarse de forma modular.},
}
@MISC{foot:softwarelibre,
        note = {Cuando hablamos de software libre es necesario hacer la diferencia entre 3 conceptos que normalmente se confunden. Es diferente definir un software como software libre, de código abierto o gratuito. Cunado decimos que algo es gratuito simplemente se hace referencia a que por dicho elemento no hay cobros asociados, o bien que puedes adquirirlo sin la necesidad de pagar, sin embargo cuando se habla de ''software libre'' se hace referencia a la libertad de los usuarios para con dicho software entre las cuales podemos encontrar la libertad de ser usado, copiado, estudiado, modificado, y/o redistribuido. Libertades que Richard Stallman define en la licencia GPL distribuida por la ''Free Software Foundation''. Por otro lado se define que un software es de ''código abierto'' cuando su código fuente se encuentra disponible para ser usado, aun que esto no implique la gratuidad o el derecho a modificación y/o distribución del software en su totalidad.}
}

